
@ARTICLE{Abernethy2003,
  author = {Colin D. Abernethy and Gareth M. Codd and Mark D. Spicer
    and Michelle K. Taylor},
  title = {A highly stable {N}-heterocyclic carbene complex of
    trichloro-oxo-vanadium(\textsc{v}) displaying novel
    {Cl}---{C}(carbene) bonding interactions},
  journal = {J.~Am. Chem. Soc.},
  year = {2003},
  volume = {125},
  pages = {1128--1129},
  number = {5},
  doi = {10.1021/ja0276321},
}

@MISC{ACS2007,
  url = {http://pubs.acs.org/books/references.shtml},
}

@ARTICLE{Arduengo1992,
  author = {Arduengo, III, Anthony J. and H. V. Rasika Dias and
    Richard L. Harlow and Michael Kline},
  title = {Electronic stabilization of nucleophilic carbenes},
  journal = {J.~Am.\ Chem.\ Soc.},
  year = {1992},
  volume = {114},
  pages = {5530--5534},
  number = {14},
  doi = {10.1021/ja00040a007},
}

@ARTICLE{Arduengo1994,
  author = {Arduengo, III, Anthony J. and Siegfried F. Gamper and
    Joseph C. Calabrese and Fredric Davidson},
  title = {{Low}-coordinate carbene complexes of nickel(0) and
    platinum(0)},
  journal = jacsat,
  year = {1994},
  volume = {116},
  pages = {4391--4394},
  number = {10},
  doi = {10.1021/ja00089a029},
}

@ARTICLE{Eisenstein2005,
  author = {Appelhans, Leah N. and Zuccaccia, Daniele and Kovacevic,
    Anes and Chianese, Anthony R. and Miecznikowski, John R. and
    Macchioni, Aleco and Clot, Eric and Eisenstein, Odile and
    Crabtree, Robert H.},
  title = {An anion-dependent switch in selectivity results from a
    change of {C}---{H} activation mechanism in the reaction of an
    imidazolium salt with \ch{IrH5(PPh3)2}},
  journal = {J.~Am.\ Chem. Soc.},
  year = {2005},
  volume = {127},
  pages = {16299--16311},
  number = {46},
  doi = {10.1021/ja055317j},
}

@BOOK{Coghill2006,
  title = {The {ACS} Style Guide},
  publisher = {Oxford University Press, Inc. and
               The American Chemical Society},
  year = {2006},
  editor = {Coghill, Anne M. and Garson, Lorrin R.},
  address = {New York},
  edition = {3},
  subtitle = {{Effective} Communication of Scientific
    Information},
}

@BOOK{Cotton1999,
  title = {Advanced Inorganic Chemistry},
  publisher = {Wiley},
  year = {1999},
  author = {Cotton, Frank Albert and Wilkinson, Geoffrey and
    Murillio, Carlos A. and Bochmann, Manfred},
  address = {Chichester, United Kingdom},
  edition = {6},
}

@TECHREPORT{EuropeanCommission2008,
  address = {Brussels, Belgium},
  organization = {European Commission},
  title = {Communication from the European Commission to the
   European Council and the European Parliament:
   20 20 by 2020: Europe's climate change opportunity},
  year = {2008}
}

@INBOOK{Friedman-Hill2003,
  author         = {E. Friedman-Hill},
  booktitle      = {{Jess} in Action: {Java} Rule-based Systems},
  publisher      = {Manning Publications Co.},
  address        = {Greenwich, CT, USA},
  title          = {Writing Rules in Jess},
  edition        = {1},
  year           = {2003}
}

@PATENT{Johnson1972,
  author       = {Johnson, Alexander Lawrence},
  organization = {E.~I.~du Pont de Nemours},
  number       = {3637731},
  title        = {1-(Alkylsubstituted phenyl)imidazoles useful in {ACTH}
    reverse assay},
  type         = {US~Patent},
  year         = {1972}
}

@MANUAL{Pople2003,
  title = {{Gaussian} 03},
  author = {M.~J. Frisch and G.~W. Trucks and H.~B. Schlegel and G.~E. Scuseria
and M.~A. Robb and J.~R. Cheeseman and Montgomery and Jr. and J.
A. and T. Vreven and K.~N. Kudin and J.~C. Burant and J.~M. Millam
and S.~S. Iyengar and J. Tomasi and V. Barone and B. Mennucci and
M. Cossi and G. Scalmani and N. Rega and G.~A. Petersson and H. Nakatsuji
and M. Hada and M. Ehara and K. Toyota and R. Fukuda and J. Hasegawa
and M. Ishida and T. Nakajima and Y. Honda and O. Kitao and H. Nakai
and M. Klene and X. Li and J.~E. Knox and H.~P. Hratchian and J.~B.
Cross and V. Bakken and C. Adamo and J. Jaramillo and R. Gomperts
and R.~E. Stratmann and O. Yazyev and A.~J. Austin and R. Cammi and
C. Pomelli and J.~W. Ochterski and P.~Y. Ayala and K. Morokuma and
G.~A. Voth and P. Salvador and J.~J. Dannenberg and V.~G. Zakrzewski
and S. Dapprich and A.~D. Daniels and M.~C. Strain and O. Farkas
and D.~K. Malick and A.~D. Rabuck and K. Raghavachari and J.~B. Foresman
and J.~V. Ortiz and Q. Cui and A.~G. Baboul and S. Clifford and J.
Cioslowski and B.~B. Stefanov and G. Liu and A. Liashenko and P.
Piskorz and I. Komaromi and R.~L. Martin and D.~J. Fox and T. Keith
and M.~A. Al-Laham and C.~Y. Peng and A. Nanayakkara and M. Challacombe
and P.~M.~W. Gill and B. Johnson and W. Chen and M.~W. Wong and C.
Gonzalez and J.~A. Pople},
  organization = {Gaussian, Inc.},
  address = {Wallingford, CT},
  year = {2004},
  howpublished = {Gaussian, Inc., Wallingford, CT, USA},
  institution = {Gaussian, Inc.},
  publisher = {Gaussian, Inc.}
}

@ARTICLE{Mena2000,
  author = {Angel Abarca and Pilar G{\'o}mez-Sal and Avelino Mart{\'i}n
    and Miguel Mena and Josep Mar{\'i}a Poblet and Carlos Y{\'e}lamos},
  title = {Ammonolysis of mono(pentamethylcyclopentadienyl)
    titanium(\textsc{iv}) derivatives},
  journal = {Inorg. Chem.},
  year = {2000},
  volume = {39},
  pages = {642--651},
  number = {4},
  doi = {10.1021/ic9907718},
}

@ARTICLE{kranert2016raman,
  title={Raman tensor formalism for optically anisotropic crystals},
  author={Kranert, Christian and Sturm, Chris and Schmidt-Grund, R{\"u}diger and Grundmann, Marius},
  journal={Physical review letters},
  volume={116},
  number={12},
  pages={127401},
  year={2016},
  publisher={APS}
}

@article{tong2020stable,
  title={Stable mid-infrared polarization imaging based on quasi-2D tellurium at room temperature},
  author={Tong, Lei and Huang, Xinyu and Wang, Peng and Ye, Lei and Peng, Meng and An, Licong and Sun, Qiaodong and Zhang, Yong and Yang, Guoming and Li, Zheng},
  journal={Nature communications},
  volume={11},
  number={1},
  pages={1--10},
  year={2020},
  publisher={Nature Publishing Group}
}

@article{pine1971raman,
  title={Raman spectra and lattice dynamics of tellurium},
  author={Pine, AS and Dresselhaus, GJPRB},
  journal={Physical Review B},
  volume={4},
  number={2},
  pages={356},
  year={1971},
  publisher={APS}
}

@article{qin2020raman,
  title={Raman response and transport properties of tellurium atomic chains encapsulated in nanotubes},
  author={Qin, Jing-Kai and Liao, Pai-Ying and Si, Mengwei and Gao, Shiyuan and Qiu, Gang and Jian, Jie and Wang, Qingxiao and Zhang, Si-Qi and Huang, Shouyuan and Charnas, Adam},
  journal={Nature Electronics},
  volume={3},
  number={3},
  pages={141--147},
  year={2020},
  publisher={Nature Publishing Group}
}

@article{perdew1996generalized,
  title={Generalized gradient approximation made simple},
  author={Perdew, John P and Burke, Kieron and Ernzerhof, Matthias},
  journal={Physical review letters},
  volume={77},
  number={18},
  pages={3865},
  year={1996},
  publisher={APS}
}

@article{grimme2006semiempirical,
  title={Semiempirical GGA-type density functional constructed with a long-range dispersion correction},
  author={Grimme, Stefan},
  journal={Journal of computational chemistry},
  volume={27},
  number={15},
  pages={1787--1799},
  year={2006},
  publisher={Wiley Online Library}
}

@article{kerber2008application,
  title={Application of semiempirical long-range dispersion corrections to periodic systems in density functional theory},
  author={Kerber, Torsten and Sierka, Marek and Sauer, Joachim},
  journal={Journal of computational chemistry},
  volume={29},
  number={13},
  pages={2088--2097},
  year={2008},
  publisher={Wiley Online Library}
}

@article{kresse1994theory,
  title={Theory of the crystal structures of selenium and tellurium: the effect of generalized-gradient corrections to the local-density approximation},
  author={Kresse, G and Furthm{\"u}ller, J and Hafner, J},
  journal={Physical Review B},
  volume={50},
  number={18},
  pages={13181},
  year={1994},
  publisher={APS}
}

@article{cheng2019large,
  title={Large second-harmonic generation and linear electro-optic effect in trigonal selenium and tellurium},
  author={Cheng, Meijuan and Wu, Shunqing and Zhu, Zi-Zhong and Guo, Guang-Yu},
  journal={Physical Review B},
  volume={100},
  number={3},
  pages={035202},
  year={2019},
  publisher={APS}
}

@article{gonze1994interatomic,
  title={Interatomic force constants from first principles: The case of $\alpha$-quartz},
  author={Gonze, Xavier and Charlier, J-C and Allan, DC and Teter, MP},
  journal={Physical Review B},
  volume={50},
  number={17},
  pages={13035},
  year={1994},
  publisher={APS}
}

@article{giannozzi1991ab,
  title={Ab initio calculation of phonon dispersions in semiconductors},
  author={Giannozzi, Paolo and De Gironcoli, Stefano and Pavone, Pasquale and Baroni, Stefano},
  journal={Physical Review B},
  volume={43},
  number={9},
  pages={7231},
  year={1991},
  publisher={APS}
}

@article{gonze1997dynamical,
  title={Dynamical matrices, Born effective charges, dielectric permittivity tensors, and interatomic force constants from density-functional perturbation theory},
  author={Gonze, Xavier and Lee, Changyol},
  journal={Physical Review B},
  volume={55},
  number={16},
  pages={10355},
  year={1997},
  publisher={APS}
}

@article{dai2015titanium,
  title={Titanium trisulfide monolayer: theoretical prediction of a new direct-gap semiconductor with high and anisotropic carrier mobility},
  author={Dai, Jun and Zeng, Xiao Cheng},
  journal={Angewandte Chemie},
  volume={127},
  number={26},
  pages={7682--7686},
  year={2015},
  publisher={Wiley Online Library}
}

@misc{neamensemiconductor,
  title={Semiconductor physics and devices: basic principles. \emph{McGraw-Hill} \textbf{2003}},
  author={Neamen, Donald A},
  publisher={McGraw-Hill}
}

@article{peng2015anisotropic,
  title={Anisotropic lattice thermal conductivity in chiral tellurium from first principles},
  author={Peng, Hua and Kioussis, Nicholas and Stewart, Derek A},
  journal={Applied Physics Letters},
  volume={107},
  number={25},
  pages={251904},
  year={2015},
  publisher={AIP Publishing LLC}
}

@article{martin1976intermolecular,
  title={Intermolecular bonding and lattice dynamics of Se and Te},
  author={Martin, Richard M and Lucovsky, G and Helliwell, K},
  journal={Physical Review B},
  volume={13},
  number={4},
  pages={1383},
  year={1976},
  publisher={APS}
}

@article{cai2020tellurene,
  title={Tellurene: An elemental 2D monolayer material beyond its bulk phases without van der Waals layered structures},
  author={Cai, Xiaolin and Han, Xiaoyu and Zhao, Chunxiang and Niu, Chunyao and Jia, Yu},
  journal={Journal of Semiconductors},
  volume={41},
  number={8},
  pages={081002},
  year={2020},
  publisher={IOP Publishing}
}

@article{wang2014van,
  title={Van der Waals epitaxy and photoresponse of hexagonal tellurium nanoplates on flexible mica sheets},
  author={Wang, Qisheng and Safdar, Muhammad and Xu, Kai and Mirza, Misbah and Wang, Zhenxing and He, Jun},
  journal={ACS nano},
  volume={8},
  number={7},
  pages={7497--7505},
  year={2014},
  publisher={ACS Publications}
}

@article{nakayama2017band,
  title={Band splitting and Weyl nodes in trigonal tellurium studied by angle-resolved photoemission spectroscopy and density functional theory},
  author={Nakayama, K and Kuno, M and Yamauchi, K and Souma, S and Sugawara, K and Oguchi, T and Sato, T and Takahashi, T},
  journal={Physical Review B},
  volume={95},
  number={12},
  pages={125204},
  year={2017},
  publisher={APS}
}

@article{li2021bilayer,
  title={Bilayer Tellurene: A Potential p-Type Channel Material for Sub-10 nm Transistors},
  author={Li, Qiuhui and Xu, Lin and Liu, Shiqi and Yang, Jie and Fang, Shibo and Li, Ying and Ma, Jiachen and Zhang, Zhiyong and Quhe, Ruge and Yang, Jinbo},
  journal={Advanced Theory and Simulations},
  volume={4},
  number={2},
  pages={2000252},
  year={2021},
  publisher={Wiley Online Library}
}

@article{zhang2019broadband,
  title={Broadband nonlinear absorption properties of two-dimensional hexagonal tellurene nanosheets},
  author={Zhang, Fang and Liu, Guowei and Wang, Zhengping and Tang, Tianhong and Wang, Xinle and Wang, Chaowei and Fu, Shenggui and Xing, Fei and Han, Kezhen and Xu, Xinguang},
  journal={Nanoscale},
  volume={11},
  number={36},
  pages={17058--17064},
  year={2019},
  publisher={Royal Society of Chemistry}
}

@article{sang2019electronic,
  title={Electronic and optical properties of two-dimensional tellurene: from first-principles calculations},
  author={Sang, David K and Wen, Bo and Gao, Shan and Zeng, Yonghong and Meng, Fanxu and Guo, Zhinan and Zhang, Han},
  journal={Nanomaterials},
  volume={9},
  number={8},
  pages={1075},
  year={2019},
  publisher={Multidisciplinary Digital Publishing Institute}
}

@article{peng2014elemental,
  title={Elemental tellurium as a chiral p-type thermoelectric material},
  author={Peng, Hua and Kioussis, Nicholas and Snyder, G Jeffrey},
  journal={Physical Review B},
  volume={89},
  number={19},
  pages={195206},
  year={2014},
  publisher={APS}
}

@article{jiang2021end,
  title={End-Bonded Contacts of Tellurium Transistors},
  author={Jiang, Wei and Wang, Xudong and Chen, Yan and Wu, Shuaiqin and Wu, Binmin and Yang, Xin and Lin, Tie and Shen, Hong and Meng, Xiangjian and Wu, Xing},
  journal={ACS Applied Materials \& Interfaces},
  volume={13},
  number={6},
  pages={7766--7772},
  year={2021},
  publisher={ACS Publications}
}

@article{zhao2020evaporated,
  title={Evaporated tellurium thin films for p-type field-effect transistors and circuits},
  author={Zhao, Chunsong and Tan, Chaoliang and Lien, Der-Hsien and Song, Xiaohui and Amani, Matin and Hettick, Mark and Nyein, Hnin Yin Yin and Yuan, Zhen and Li, Lu and Scott, Mary C},
  journal={Nature nanotechnology},
  volume={15},
  number={1},
  pages={53--58},
  year={2020},
  publisher={Nature Publishing Group}
}

@article{zhang2019evidence,
  title={Evidence for Weyl fermions in the elemental semiconductor tellurium},
  author={Zhang, Nan and Zhao, Gan and Li, Lin and Wang, Pengdong and Xie, Lin and Li, Hui and Lin, Zhiyong and He, Jiaqing and Sun, Zhe and Wang, Zhengfei},
  journal={arXiv preprint arXiv:1906.06071},
  year={2019}
}

@article{yan2019excellent,
  title={Excellent device performance of sub-5-nm monolayer tellurene transistors},
  author={Yan, Jiahuan and Pang, Hua and Xu, Lin and Yang, Jie and Quhe, Ruge and Zhang, Xiuying and Pan, Yuanyuan and Shi, Bowen and Liu, Shiqi and Xu, Lianqiang},
  journal={Advanced Electronic Materials},
  volume={5},
  number={7},
  pages={1900226},
  year={2019},
  publisher={Wiley Online Library}
}

@article{wang2018field,
  title={Field-effect transistors made from solution-grown two-dimensional tellurene},
  author={Wang, Yixiu and Qiu, Gang and Wang, Ruoxing and Huang, Shouyuan and Wang, Qingxiao and Liu, Yuanyue and Du, Yuchen and Goddard, William A and Kim, Moon J and Xu, Xianfan},
  journal={Nature Electronics},
  volume={1},
  number={4},
  pages={228--236},
  year={2018},
  publisher={Nature Publishing Group}
}

@article{hu2020first,
  title={First-principles study on strain-modulated negative differential resistance effect of in-plane device based on heterostructure tellurene},
  author={Hu, Jie and Xiong, Wen and Huang, Pu and Wang, Yin and Cai, Congzhong and Wang, Jianwei},
  journal={Applied Surface Science},
  volume={528},
  pages={146957},
  year={2020},
  publisher={Elsevier}
}

@article{xu2021gas,
  title={Gas sensing properties of defective tellurene on the nitrogen oxides: A first-principles study},
  author={Xu, Ziwei and Shi, Zhenzhen and Wang, Mingyuan and Song, Ruofei and Zhang, Xiangzhao and Liu, Guiwu and Qiao, Guanjun},
  journal={Sensors and Actuators A: Physical},
  volume={328},
  pages={112766},
  year={2021},
  publisher={Elsevier}
}

@article{wang2018effects,
  title={Effects of adatom and gas molecule adsorption on the physical properties of tellurene: a first principles investigation},
  author={Wang, Xiao Hua and Yang, Ai Jun and Koratkar, Nikhil and Chu, Ji Feng and Lv, Pin Lei and Rong, Ming Zhe},
  journal={Physical Chemistry Chemical Physics},
  volume={20},
  number={6},
  pages={4058--4066},
  year={2018},
  publisher={Royal Society of Chemistry}
}

@article{ren2019gate,
  title={Gate-tuned insulator--metal transition in electrolyte-gated transistors based on tellurene},
  author={Ren, Xinglong and Wang, Yan and Xie, Zuoti and Xue, Feng and Leighton, Chris and Frisbie, C Daniel},
  journal={Nano letters},
  volume={19},
  number={7},
  pages={4738--4744},
  year={2019},
  publisher={ACS Publications}
}

@article{zou2020lithium,
  title={Lithium and Sodium Adsorption on Monolayer Tellurene},
  author={Zou, Fan and Xu, Tao and Wu, Zhensheng and Li, Zhongtao and Guo, Wenyue and Wang, Yi and Ren, Hao},
  journal={The Journal of Physical Chemistry C},
  volume={124},
  number={51},
  pages={28074--28082},
  year={2020},
  publisher={ACS Publications}
}

@article{lono2021local,
  title={Local Lattice Deformation of Tellurene Grain Boundaries by Four-Dimensional Electron Microscopy},
  author={Londo$\widetilde{n}$o-Calderon, Alejandra and Williams, Darrick J and Schneider, Matthew and Savitzky, Benjamin H and Ophus, Colin and Pettes, Michael T},
  journal={The Journal of Physical Chemistry C},
  volume={125},
  number={6},
  pages={3396--3405},
  year={2021},
  publisher={ACS Publications}
}

@article{zhang2020magnetotransport,
  title={Magnetotransport signatures of Weyl physics and discrete scale invariance in the elemental semiconductor tellurium},
  author={Zhang, Nan and Zhao, Gan and Li, Lin and Wang, Pengdong and Xie, Lin and Cheng, Bin and Li, Hui and Lin, Zhiyong and Xi, Chuanying and Ke, Jiezun},
  journal={Proceedings of the National Academy of Sciences},
  volume={117},
  number={21},
  pages={11337--11343},
  year={2020},
  publisher={National Acad Sciences}
}

@article{agapito2013novel,
  title={Novel family of chiral-based topological insulators: elemental tellurium under strain},
  author={Agapito, Luis A and Kioussis, Nicholas and Goddard III, William A and Ong, Nai Phuan},
  journal={Physical review letters},
  volume={110},
  number={17},
  pages={176401},
  year={2013},
  publisher={APS}
}

@article{gao2019one,
  title={One-pot hydrothermal synthesis of thin tellurene nanosheet and its formation mechanism},
  author={Gao, Mei and Wang, Xinwei and Hong, Yuanze and Shi, Yongji and Wang, Dengkui and Fang, Dan and Fang, Xuan and Wei, Zhipeng},
  journal={Journal of Nanomaterials},
  volume={2019},
  pages = {5715291},
  year={2019},
  publisher={Hindawi}
}


@article{zhang2020passively,
  title={Passively Q-switched and mode-locked erbium-doped fiber lasers based on tellurene nanosheets as saturable absorber},
  author={Zhang, Wenfei and Wang, Guomei and Xing, Fei and Man, Zhongsheng and Zhang, Fang and Han, Kezhen and Zhang, Huanian and Fu, Shenggui},
  journal={Optics express},
  volume={28},
  number={10},
  pages={14729--14739},
  year={2020},
  publisher={Optical Society of America}
}

@article{qiu2020quantum,
  title={Quantum Hall effect of Weyl fermions in n-type semiconducting tellurene},
  author={Qiu, Gang and Niu, Chang and Wang, Yixiu and Si, Mengwei and Zhang, Zhuocheng and Wu, Wenzhuo and Peide, D Ye},
  journal={Nature Nanotechnology},
  volume={15},
  number={7},
  pages={585--591},
  year={2020},
  publisher={Nature Publishing Group}
}

@article{qiu2018quantum,
  title={Quantum transport and band structure evolution under high magnetic field in few-layer tellurene},
  author={Qiu, Gang and Wang, Yixiu and Nie, Yifan and Zheng, Yongping and Cho, Kyeongjae and Wu, Wenzhuo and Ye, Peide D},
  journal={Nano letters},
  volume={18},
  number={9},
  pages={5760--5767},
  year={2018},
  publisher={ACS Publications}
}

@article{amani2018solution,
  title={Solution-synthesized high-mobility tellurium nanoflakes for short-wave infrared photodetectors},
  author={Amani, Matin and Tan, Chaoliang and Zhang, George and Zhao, Chunsong and Bullock, James and Song, Xiaohui and Kim, Hyungjin and Shrestha, Vivek Raj and Gao, Yang and Crozier, Kenneth B},
  journal={ACS nano},
  volume={12},
  number={7},
  pages={7253--7263},
  year={2018},
  publisher={ACS Publications}
}

@article{wang2019tellurene,
  title={Tellurene based chemical sensor},
  author={Wang, Dawei and Yang, Aijun and Lan, Tiansong and Fan, Chengyu and Pan, Jianbin and Liu, Zhu and Chu, Jifeng and Yuan, Huan and Wang, Xiaohua and Rong, Mingzhe},
  journal={Journal of Materials Chemistry A},
  volume={7},
  number={46},
  pages={26326--26333},
  year={2019},
  publisher={Royal Society of Chemistry}
}

@article{cui2020tellurene,
  title={Tellurene nanoflake-based NO2 sensors with superior sensitivity and a sub-parts-per-billion detection limit},
  author={Cui, Heping and Zheng, Kai and Xie, Zhongjian and Yu, Jiabing and Zhu, Xiangyi and Ren, Hao and Wang, Zeping and Zhang, Feng and Li, Xiandong and Tao, Lu-Qi},
  journal={ACS Applied Materials \& Interfaces},
  volume={12},
  number={42},
  pages={47704--47713},
  year={2020},
  publisher={ACS Publications}
}

@article{shen2019tellurene,
  title={Tellurene photodetector with high gain and wide bandwidth},
  author={Shen, Chenfei and Liu, Yihang and Wu, Jiangbin and Xu, Chi and Cui, Dingzhou and Li, Zhen and Liu, Qingzhou and Li, Yuanrui and Wang, Yixiu and Cao, Xuan},
  journal={ACS nano},
  volume={14},
  number={1},
  pages={303--310},
  year={2019},
  publisher={ACS Publications}
}

@article{deckoff2019tellurene,
  title={Tellurene: a multifunctional material for midinfrared optoelectronics},
  author={Deckoff-Jones, Skylar and Wang, Yixiu and Lin, Hongtao and Wu, Wenzhuo and Hu, Juejun},
  journal={ACS Photonics},
  volume={6},
  number={7},
  pages={1632--1638},
  year={2019},
  publisher={ACS Publications}
}

@incollection{geim2010rise,
  title={The rise of graphene},
  author={Geim, Andre K and Novoselov, Konstantin S},
  booktitle={Nanoscience and technology: a collection of reviews from nature journals},
  pages={11--19},
  year={2010},
  publisher={World Scientific}
}

@article{wang2012electronics,
  title={Electronics and optoelectronics of two-dimensional transition metal dichalcogenides},
  author={Wang, Qing Hua and Kalantar-Zadeh, Kourosh and Kis, Andras and Coleman, Jonathan N and Strano, Michael S},
  journal={Nature nanotechnology},
  volume={7},
  number={11},
  pages={699--712},
  year={2012},
  publisher={Nature Publishing Group}
}

@article{kalantar2016two,
  title={Two dimensional and layered transition metal oxides},
  author={Kalantar-zadeh, Kourosh and Ou, Jian Zhen and Daeneke, Torben and Mitchell, Arnan and Sasaki, Takayoshi and Fuhrer, Michael S},
  journal={Applied Materials Today},
  volume={5},
  pages={73--89},
  year={2016},
  publisher={Elsevier}
}

@article{song2010large,
  title={Large scale growth and characterization of atomic hexagonal boron nitride layers},
  author={Song, Li and Ci, Lijie and Lu, Hao and Sorokin, Pavel B and Jin, Chuanhong and Ni, Jie and Kvashnin, Alexander G and Kvashnin, Dmitry G and Lou, Jun and Yakobson, Boris I},
  journal={Nano letters},
  volume={10},
  number={8},
  pages={3209--3215},
  year={2010},
  publisher={ACS Publications}
}

@article{vogt2012silicene,
  title={Silicene: compelling experimental evidence for graphenelike two-dimensional silicon},
  author={Vogt, Patrick and De Padova, Paola and Quaresima, Claudio and Avila, Jose and Frantzeskakis, Emmanouil and Asensio, Maria Carmen and Resta, Andrea and Ealet, B{\'e}n{\'e}dicte and Le Lay, Guy},
  journal={Physical review letters},
  volume={108},
  number={15},
  pages={155501},
  year={2012},
  publisher={APS}
}

@article{liu2014phosphorene,
  title={Phosphorene: an unexplored 2D semiconductor with a high hole mobility},
  author={Liu, Han and Neal, Adam T and Zhu, Zhen and Luo, Zhe and Xu, Xianfan and Tom{\'a}nek, David and Ye, Peide D},
  journal={ACS nano},
  volume={8},
  number={4},
  pages={4033--4041},
  year={2014},
  publisher={ACS Publications}
}

@article{yang2018highly,
  title={Highly crystalline synthesis of tellurene sheets on two-dimensional surfaces: Control over helical chain direction of tellurene},
  author={Yang, Sijie and Chen, Bin and Qin, Ying and Zhou, Yi and Liu, Lei and Durso, Michael and Zhuang, Houlong and Shen, Yuxia and Tongay, Sefaattin},
  journal={Physical Review Materials},
  volume={2},
  number={10},
  pages={104002},
  year={2018},
  publisher={APS}
}

@article{xie2018ultrathin,
  title={Ultrathin 2D nonlayered tellurium nanosheets: facile liquid-phase exfoliation, characterization, and photoresponse with high performance and enhanced stability},
  author={Xie, Zhongjian and Xing, Chenyang and Huang, Weichun and Fan, Taojian and Li, Zhongjun and Zhao, Jinlai and Xiang, Yuanjiang and Guo, Zhinan and Li, Jianqing and Yang, Zhigang},
  journal={Advanced Functional Materials},
  volume={28},
  number={16},
  pages={1705833},
  year={2018},
  publisher={Wiley Online Library}
}


@article{guo2020tellurene,
  title={Tellurene based biosensor for detecting DNA/RNA nucleobases and amino acids: A theoretical insight},
  author={Guo, Haojie and Zheng, Kai and Cui, Heping and Yu, Jiabing and Tao, Lu-Qi and Li, Xiandong and Liao, Changrong and Xie, Lei and Chen, Xianping},
  journal={Applied Surface Science},
  volume={532},
  pages={147451},
  year={2020},
  publisher={Elsevier}
}

@article{novoselov2004electric,
  title={Electric field effect in atomically thin carbon films},
  author={Novoselov, Kostya S and Geim, Andre K and Morozov, Sergei V and Jiang, De-eng and Zhang, Yanshui and Dubonos, Sergey V and Grigorieva, Irina V and Firsov, Alexandr A},
  journal={science},
  volume={306},
  number={5696},
  pages={666--669},
  year={2004},
  publisher={American Association for the Advancement of Science}
  }

@article{xin2020polarization,
  title={Polarization-sensitive self-powered type-II GeSe/MoS2 van der Waals heterojunction photodetector},
  author={Xin, Ye and Wang, Xinxin and Chen, Zhuo and Weller, Dieter and Wang, Yingying and Shi, Lijie and Ma, Xiao and Ding, Chunjie and Li, Wei and Guo, Shuai},
  journal={ACS applied materials \& interfaces},
  volume={12},
  number={13},
  pages={15406--15413},
  year={2020},
  publisher={ACS Publications}
}

@article{DengLiLiZhangSunYinWuZhuWangLiu,
author = {Tao Deng and Shasha Li and Yuning Li and Yang Zhang and Jingye Sun and Weijie Yin and Weidong Wu and Mingqiang Zhu and Yingxin Wang and Zewen Liu},
doi = {doi:10.1515/nanoph-2020-0401},
url = {https://doi.org/10.1515/nanoph-2020-0401},
title = {Polarization-sensitive photodetectors based on three-dimensional molybdenum disulfide (MoS2) field-effect transistors},
journal = {Nanophotonics},
number = {16},
volume = {9},
year = {2020},
pages = {4719--4728}
}

@article{yuan2015polarization,
  title={Polarization-sensitive broadband photodetector using a black phosphorus vertical p--n junction},
  author={Yuan, Hongtao and Liu, Xiaoge and Afshinmanesh, Farzaneh and Li, Wei and Xu, Gang and Sun, Jie and Lian, Biao and Curto, Alberto G and Ye, Guojun and Hikita, Yasuyuki},
  journal={Nature nanotechnology},
  volume={10},
  number={8},
  pages={707--713},
  year={2015},
  publisher={Nature Publishing Group}
}

@article{huang2019enhanced,
  title={Enhanced photodetection properties of tellurium@ selenium roll-to-roll nanotube heterojunctions},
  author={Huang, Weichun and Zhang, Ye and You, Qi and Huang, Pu and Wang, Yunzheng and Huang, Ziyin N and Ge, Yanqi and Wu, Leiming and Dong, Zhijun and Dai, Xiaoyu},
  journal={Small},
  volume={15},
  number={23},
  pages={1900902},
  year={2019},
  publisher={Wiley Online Library}
}

@article{guo2019two,
  title={Two-dimensional tellurium--polymer membrane for ultrafast photonics},
  author={Guo, Jia and Zhao, Jinlai and Huang, Dazhou and Wang, Yunzheng and Zhang, Feng and Ge, Yanqi and Song, Yufeng and Xing, Chenyang and Fan, Dianyuan and Zhang, Han},
  journal={Nanoscale},
  volume={11},
  number={13},
  pages={6235--6242},
  year={2019},
  publisher={Royal Society of Chemistry}
}

@article{wu20192d,
  title={2D tellurium based high-performance all-optical nonlinear photonic devices},
  author={Wu, Leiming and Huang, Weichun and Wang, Yunzheng and Zhao, Jinlai and Ma, Dingtao and Xiang, Yuanjiang and Li, Jianqing and Ponraj, Joice Sophia and Dhanabalan, Sathish Chander and Zhang, Han},
  journal={Advanced Functional Materials},
  volume={29},
  number={4},
  pages={1806346},
  year={2019},
  publisher={Wiley Online Library}
}

@article{shi2020two,
  title={Two-dimensional tellurium: progress, challenges, and prospects},
  author={Shi, Zhe and Cao, Rui and Khan, Karim and Tareen, Ayesha Khan and Liu, Xiaosong and Liang, Weiyuan and Zhang, Ye and Ma, Chunyang and Guo, Zhinan and Luo, Xiaoling},
  journal={Nano-Micro Letters},
  volume={12},
  number={1},
  pages={1--34},
  year={2020},
  publisher={Springer}
}


@article{RicciardulliEmergingperovskitemonolayers2021,
	title = {Emerging perovskite monolayers},
	volume = {20},
	issn = {1476-1122, 1476-4660},
	url = {https://www.nature.com/articles/s41563-021-01029-9},
	doi = {10.1038/s41563-021-01029-9},
	language = {en},
	number = {10},
	urldate = {2021-12-31},
	journal = {Nature Materials},
	author = {Ricciardulli, Antonio Gaetano and Yang, Sheng and Smet, Jurgen H. and Saliba, Michael},
	month = oct,
	year = {2021},
	pages = {1325--1336},
	file = {Ricciardulli et al. - 2021 - Emerging perovskite monolayers.pdf:C\:\\Users\\jiaqi\\Zotero\\storage\\799QEYBL\\Ricciardulli et al. - 2021 - Emerging perovskite monolayers.pdf:application/pdf},
}