@article{geim2007rise,
  title={The rise of graphene.},
  author={Geim, AK and Novoselov, KS},
  journal={Nature Materials},
  volume={6},
  number={3},
  pages={183--191},
  year={2007}
}

@article{splendiani2010emerging,
  title={Emerging photoluminescence in monolayer MoS2},
  author={Splendiani, Andrea and Sun, Liang and Zhang, Yuanbo and Li, Tianshu and Kim, Jonghwan and Chim, Chi-Yung and Galli, Giulia and Wang, Feng},
  journal={Nano letters},
  volume={10},
  number={4},
  pages={1271--1275},
  year={2010},
  publisher={ACS Publications}
}

@article{mak2010atomically,
  title={Atomically thin MoS 2: a new direct-gap semiconductor},
  author={Mak, Kin Fai and Lee, Changgu and Hone, James and Shan, Jie and Heinz, Tony F},
  journal={Physical review letters},
  volume={105},
  number={13},
  pages={136805},
  year={2010},
  publisher={APS}
}

@article{song2010large,
  title={Large scale growth and characterization of atomic hexagonal boron nitride layers},
  author={Song, Li and Ci, Lijie and Lu, Hao and Sorokin, Pavel B and Jin, Chuanhong and Ni, Jie and Kvashnin, Alexander G and Kvashnin, Dmitry G and Lou, Jun and Yakobson, Boris I and others},
  journal={Nano letters},
  volume={10},
  number={8},
  pages={3209--3215},
  year={2010},
  publisher={ACS Publications}
}

@article{wang2014two,
  title={Two-dimensional heterostructures: fabrication, characterization, and application},
  author={Wang, Hong and Liu, Fucai and Fu, Wei and Fang, Zheyu and Zhou, Wu and Liu, Zheng},
  journal={Nanoscale},
  volume={6},
  number={21},
  pages={12250--12272},
  year={2014},
  publisher={Royal Society of Chemistry}
}

@article{hu2018two,
  title={Two-dimensional black phosphorus: its fabrication, functionalization and applications},
  author={Hu, Zehua and Niu, Tianchao and Guo, Rui and Zhang, Jialin and Lai, Min and He, Jun and Wang, Li and Chen, Wei},
  journal={Nanoscale},
  volume={10},
  number={46},
  pages={21575--21603},
  year={2018},
  publisher={Royal Society of Chemistry}
}

@article{lin20162d,
  title={2D materials advances: from large scale synthesis and controlled heterostructures to improved characterization techniques, defects and applications},
  author={Lin, Zhong and McCreary, Amber and Briggs, Natalie and Subramanian, Shruti and Zhang, Kehao and Sun, Yifan and Li, Xufan and Borys, Nicholas J and Yuan, Hongtao and Fullerton-Shirey, Susan K and others},
  journal={2D Materials},
  volume={3},
  number={4},
  pages={042001},
  year={2016},
  publisher={IOP Publishing}
}

@article{zhang2014electrically,
  title={Electrically switchable chiral light-emitting transistor},
  author={Zhang, YJ and Oka, T and Suzuki, Ryo and Ye, JT and Iwasa, Y},
  journal={Science},
  volume={344},
  number={6185},
  pages={725--728},
  year={2014},
  publisher={American Association for the Advancement of Science}
}

@article{xia2017recent,
  title={Recent progress in van der Waals heterojunctions},
  author={Xia, Wanshun and Dai, Liping and Yu, Peng and Tong, Xin and Song, Wenping and Zhang, Guojun and Wang, Zhiming},
  journal={Nanoscale},
  volume={9},
  number={13},
  pages={4324--4365},
  year={2017},
  publisher={Royal Society of Chemistry}
}

@article{yu2013highly,
  title={Highly efficient gate-tunable photocurrent generation in vertical heterostructures of layered materials},
  author={Yu, Woo Jong and Liu, Yuan and Zhou, Hailong and Yin, Anxiang and Li, Zheng and Huang, Yu and Duan, Xiangfeng},
  journal={Nature nanotechnology},
  volume={8},
  number={12},
  pages={952--958},
  year={2013},
  publisher={Nature Publishing Group}
}

@article{britnell2013strong,
  title={Strong light-matter interactions in heterostructures of atomically thin films},
  author={Britnell, Liam and Ribeiro, Ricardo M and Eckmann, Axel and Jalil, Rashid and Belle, Branson D and Mishchenko, Artem and Kim, Y-J and Gorbachev, Roman V and Georgiou, Thanasis and Morozov, Sergei V and others},
  journal={Science},
  volume={340},
  number={6138},
  pages={1311--1314},
  year={2013},
  publisher={American Association for the Advancement of Science}
}

@article{furchi2014photovoltaic,
  title={Photovoltaic effect in an electrically tunable van der Waals heterojunction},
  author={Furchi, Marco M and Pospischil, Andreas and Libisch, Florian and Burgdorfer, Joachim and Mueller, Thomas},
  journal={Nano letters},
  volume={14},
  number={8},
  pages={4785--4791},
  year={2014},
  publisher={ACS Publications}
}

@article{cheng2014electroluminescence,
  title={Electroluminescence and photocurrent generation from atomically sharp WSe2/MoS2 heterojunction p--n diodes},
  author={Cheng, Rui and Li, Dehui and Zhou, Hailong and Wang, Chen and Yin, Anxiang and Jiang, Shan and Liu, Yuan and Chen, Yu and Huang, Yu and Duan, Xiangfeng},
  journal={Nano letters},
  volume={14},
  number={10},
  pages={5590--5597},
  year={2014},
  publisher={ACS Publications}
}

@article{bellus2017type,
  title={Type-I van der Waals heterostructure formed by MoS 2 and ReS 2 monolayers},
  author={Bellus, Matthew Z and Li, Ming and Lane, Samuel D and Ceballos, Frank and Cui, Qiannan and Zeng, Xiao Cheng and Zhao, Hui},
  journal={Nanoscale horizons},
  volume={2},
  number={1},
  pages={31--36},
  year={2017},
  publisher={Royal Society of Chemistry}
}

@article{hoeben2005supramolecular,
  title={About supramolecular assemblies of $\pi$-conjugated systems},
  author={Hoeben, Freek JM and Jonkheijm, Pascal and Meijer, EW and Schenning, Albertus PHJ},
  journal={Chemical reviews},
  volume={105},
  number={4},
  pages={1491--1546},
  year={2005},
  publisher={ACS Publications}
}

@article{dexter1953theory,
  title={A theory of sensitized luminescence in solids},
  author={Dexter, David L},
  journal={The journal of chemical physics},
  volume={21},
  number={5},
  pages={836--850},
  year={1953},
  publisher={American Institute of Physics}
}

@article{murphy2004probing,
  title={Probing F{\"o}rster and Dexter energy-transfer mechanisms in fluorescent conjugated polymer chemosensors},
  author={Murphy, Clifford B and Zhang, Yan and Troxler, Thomas and Ferry, Vivian and Martin, Justin J and Jones, Wayne E},
  journal={The Journal of Physical Chemistry B},
  volume={108},
  number={5},
  pages={1537--1543},
  year={2004},
  publisher={ACS Publications}
}

@article{hong2014ultrafast,
  title={Ultrafast charge transfer in atomically thin MoS2/WS2 heterostructures},
  author={Hong, Xiaoping and Kim, Jonghwan and Shi, Su-Fei and Zhang, Yu and Jin, Chenhao and Sun, Yinghui and Tongay, Sefaattin and Wu, Junqiao and Zhang, Yanfeng and Wang, Feng},
  journal={Nature nanotechnology},
  volume={9},
  number={9},
  pages={682--686},
  year={2014},
  publisher={Nature Publishing Group}
}

@article{ceballos2014ultrafast,
  title={Ultrafast charge separation and indirect exciton formation in a MoS2--MoSe2 van der Waals heterostructure},
  author={Ceballos, Frank and Bellus, Matthew Z and Chiu, Hsin-Ying and Zhao, Hui},
  journal={ACS nano},
  volume={8},
  number={12},
  pages={12717--12724},
  year={2014},
  publisher={ACS Publications}
}

@article{bellus2015tightly,
  title={Tightly bound trions in transition metal dichalcogenide heterostructures},
  author={Bellus, Matthew Z and Ceballos, Frank and Chiu, Hsin-Ying and Zhao, Hui},
  journal={ACS nano},
  volume={9},
  number={6},
  pages={6459--6464},
  year={2015},
  publisher={ACS Publications}
}

@article{fang2014strong,
  title={Strong interlayer coupling in van der Waals heterostructures built from single-layer chalcogenides},
  author={Fang, Hui and Battaglia, Corsin and Carraro, Carlo and Nemsak, Slavomir and Ozdol, Burak and Kang, Jeong Seuk and Bechtel, Hans A and Desai, Sujay B and Kronast, Florian and Unal, Ahmet A and others},
  journal={Proceedings of the National Academy of Sciences},
  volume={111},
  number={17},
  pages={6198--6202},
  year={2014},
  publisher={National Acad Sciences}
}

@article{gong2015two,
  title={Two-step growth of two-dimensional WSe2/MoSe2 heterostructures},
  author={Gong, Yongji and Lei, Sidong and Ye, Gonglan and Li, Bo and He, Yongmin and Keyshar, Kunttal and Zhang, Xiang and Wang, Qizhong and Lou, Jun and Liu, Zheng and others},
  journal={Nano letters},
  volume={15},
  number={9},
  pages={6135--6141},
  year={2015},
  publisher={ACS Publications}
}

@article{kumar2018interlayer,
  title={Interlayer screening effects in WS2/WSe2 van der Waals hetero-bilayer},
  author={Kumar, Rajeev and Verzhbitskiy, Ivan and Giustiniano, Francesco and Sidiropoulos, Themistoklis PH and Oulton, Rupert F and Eda, Goki},
  journal={2D Materials},
  volume={5},
  number={4},
  pages={041003},
  year={2018},
  publisher={IOP Publishing}
}

@article{li2018type,
  title={A type-I van der Waals heterobilayer of WSe2/MoTe2},
  author={Li, Ming and Bellus, Matthew Z and Dai, Jun and Ma, Liang and Li, Xiuling and Zhao, Hui and Zeng, Xiao Cheng},
  journal={Nanotechnology},
  volume={29},
  number={33},
  pages={335203},
  year={2018},
  publisher={IOP Publishing}
}

 @article{bae2021light,
  title={Light Absorption and Emission Dominated by Trions in the Type-I van der Waals Heterostructures},
  author={Bae, Hyemin and Kim, Suk Hyun and Lee, Seungmin and Noh, Minji and Karni, Ouri and Oeirne, Aidan L and Barr{\'e}, Elyse and Sim, Sangwan and Cha, Soonyoung and Jo, Moon-Ho and others},
  journal={ACS Photonics},
  volume={8},
  number={7},
  pages={1972--1978},
  year={2021},
  publisher={ACS Publications}
}

@article{zheng2019probing,
  title={Probing and manipulating carrier interlayer diffusion in van der Waals multilayer by constructing type-I heterostructure},
  author={Zheng, Weihao and Zheng, Biyuan and Jiang, Ying and Yan, Changlin and Chen, Shula and Liu, Ying and Sun, Xinxia and Zhu, Chenguang and Qi, Zhaoyang and Yang, Tiefeng and others},
  journal={Nano Letters},
  volume={19},
  number={10},
  pages={7217--7225},
  year={2019},
  publisher={ACS Publications}
}

@article{wang2021layered,
  title={Layered PtSe2 for Sensing, Photonic, and (Opto-) Electronic Applications},
  author={Wang, Gaozhong and Wang, Zhongzheng and McEvoy, Niall and Fan, Ping and Blau, Werner J},
  journal={Advanced Materials},
  volume={33},
  number={1},
  pages={2004070},
  year={2021},
  publisher={Wiley Online Library}
}

@article{zhao2017high,
  title={High-electron-mobility and air-stable 2D layered PtSe2 FETs},
  author={Zhao, Yuda and Qiao, Jingsi and Yu, Zhihao and Yu, Peng and Xu, Kang and Lau, Shu Ping and Zhou, Wu and Liu, Zheng and Wang, Xinran and Ji, Wei and others},
  journal={Advanced Materials},
  volume={29},
  number={5},
  pages={1604230},
  year={2017},
  publisher={Wiley Online Library}
}

@article{ciarrocchi2018thickness,
  title={Thickness-modulated metal-to-semiconductor transformation in a transition metal dichalcogenide},
  author={Ciarrocchi, Alberto and Avsar, Ahmet and Ovchinnikov, Dmitry and Kis, Andras},
  journal={Nature communications},
  volume={9},
  number={1},
  pages={1--6},
  year={2018},
  publisher={Nature Publishing Group} 
}

@article{yu2018atomically,
  title={Atomically thin noble metal dichalcogenide: a broadband mid-infrared semiconductor},
  author={Yu, Xuechao and Yu, Peng and Wu, Di and Singh, Bahadur and Zeng, Qingsheng and Lin, Hsin and Zhou, Wu and Lin, Junhao and Suenaga, Kazu and Liu, Zheng and others},
  journal={Nature communications},
  volume={9},
  number={1},
  pages={1--9},
  year={2018},
  publisher={Nature Publishing Group}
}

@article{liang2019high,
  title={High-performance, room temperature, ultra-broadband photodetectors based on air-stable PdSe2},
  author={Liang, Qijie and Wang, Qixing and Zhang, Qian and Wei, Jingxuan and Lim, Sharon Xiaodai and Zhu, Rui and Hu, Junxiong and Wei, Wei and Lee, Chengkuo and Sow, ChorngHaur and others},
  journal={Advanced Materials},
  volume={31},
  number={24},
  pages={1807609},
  year={2019},
  publisher={Wiley Online Library}
}

@article{szydlowska2020spectroscopic,
  title={Spectroscopic thickness and quality metrics for PtSe2 layers produced by top-down and bottom-up techniques},
  author={Szyd{\l}owska, Beata M and Hartwig, Oliver and Tywoniuk, Bartlomiej and Hartman, Tom{\'a}{\v{s}} and Stimpel-Lindner, Tanja and Sofer, Zden{\v{e}}k and McEvoy, Niall and Duesberg, Georg S and Backes, Claudia},
  journal={2D Materials},
  volume={7},
  number={4},
  pages={045027},
  year={2020},
  publisher={IOP Publishing}
}

@article{wang2016facile,
  title={Facile synthesis of single crystal PtSe2 nanosheets for nanoscale electronics},
  author={Wang, Zegao and Li, Qiang and Besenbacher, Flemming and Dong, Mingdong},
  journal={Advanced Materials},
  volume={28},
  number={46},
  pages={10224--10229},
  year={2016},
  publisher={Wiley Online Library}
}

@article{yim2016high,
  title={High-performance hybrid electronic devices from layered PtSe2 films grown at low temperature},
  author={Yim, Chanyoung and Lee, Kangho and McEvoy, Niall and Orien, Maria and Riazimehr, Sarah and Berner, Nina C and Cullen, Conor P and Kotakoski, Jani and Meyer, Jannik C and Lemme, Max C and others},
  journal={ACS nano},
  volume={10},
  number={10},
  pages={9550--9558},
  year={2016},
  publisher={ACS Publications}
}

@article{shi2019chemical,
  title={Chemical vapor deposition grown large-scale atomically thin platinum diselenide with semimetal--semiconductor transition},
  author={Shi, Jianping and Huan, Yahuan and Hong, Min and Xu, Runzhang and Yang, Pengfei and Zhang, Zhepeng and Zou, Xiaolong and Zhang, Yanfeng},
  journal={ACS nano},
  volume={13},
  number={7},
  pages={8442--8451},
  year={2019},
  publisher={ACS Publications}
}

@article{hu2019unveiling,
  title={Unveiling the layer-dependent catalytic activity of PtSe2 atomic crystals for the hydrogen evolution reaction},
  author={Hu, Dake and Zhao, Tianqi and Ping, Xiaofan and Zheng, Husong and Xing, Lei and Liu, Xiaozhi and Zheng, Jingying and Sun, Lifei and Gu, Lin and Tao, Chenggang and others},
  journal={Angewandte Chemie},
  volume={131},
  number={21},
  pages={7051--7055},
  year={2019},
  publisher={Wiley Online Library}
}

@article{yan2017high,
  title={High quality atomically thin PtSe2 films grown by molecular beam epitaxy},
  author={Yan, Mingzhe and Wang, Eryin and Zhou, Xue and Zhang, Guangqi and Zhang, Hongyun and Zhang, Kenan and Yao, Wei and Lu, Nianpeng and Yang, Shuzhen and Wu, Shilong and others},
  journal={2D Materials},
  volume={4},
  number={4},
  pages={045015},
  year={2017},
  publisher={IOP Publishing}
}

@article{wang2015monolayer,
  title={Monolayer PtSe2, a new semiconducting transition-metal-dichalcogenide, epitaxially grown by direct selenization of Pt},
  author={Wang, Yeliang and Li, Linfei and Yao, Wei and Song, Shiru and Sun, JT and Pan, Jinbo and Ren, Xiao and Li, Chen and Okunishi, Eiji and Wang, Yu-Qi and others},
  journal={Nano letters},
  volume={15},
  number={6},
  pages={4013--4018},
  year={2015},
  publisher={ACS Publications}
}

@article{yao2017direct,
  title={Direct observation of spin-layer locking by local Rashba effect in monolayer semiconducting PtSe2 film},
  author={Yao, Wei and Wang, Eryin and Huang, Huaqing and Deng, Ke and Yan, Mingzhe and Zhang, Kenan and Miyamoto, Koji and Okuda, Taichi and Li, Linfei and Wang, Yeliang and others},
  journal={Nature communications},
  volume={8},
  number={1},
  pages={1--6},
  year={2017},
  publisher={Nature Publishing Group}
}

@article{o2016raman,
  title={Raman characterization of platinum diselenide thin films},
  author={Orien, Maria and McEvoy, Niall and Motta, Carlo and Zheng, Jian-Yao and Berner, Nina C and Kotakoski, Jani and Elibol, Kenan and Pennycook, Timothy J and Meyer, Jannik C and Yim, Chanyoung and others},
  journal={2D Materials},
  volume={3},
  number={2},
  pages={021004},
  year={2016},
  publisher={IOP Publishing}
}

@article{lin2017intrinsically,
  title={Intrinsically patterned two-dimensional materials for selective adsorption of molecules and nanoclusters},
  author={Lin, X and Lu, JC and Shao, Y and Zhang, YY and Wu, X and Pan, JB and Gao, L and Zhu, SY and Qian, K and Zhang, YF and others},
  journal={Nature materials},
  volume={16},
  number={7},
  pages={717--721},
  year={2017},
  publisher={Nature Publishing Group}
}

@article{guo2016biaxial,
  title={Biaxial strain tuned thermoelectric properties in monolayer PtSe 2},
  author={Guo, San-Dong},
  journal={Journal of Materials Chemistry C},
  volume={4},
  number={39},
  pages={9366--9374},
  year={2016},
  publisher={Royal Society of Chemistry}
}

@article{xie2019optical,
  title={Optical properties of chemical vapor deposition-grown PtSe2 characterized by spectroscopic ellipsometry},
  author={Xie, Junfang and Zhang, Di and Yan, Xiao-Qing and Ren, Mengxin and Zhao, Xin and Liu, Fang and Sun, Ruoxuan and Li, Xiaokuan and Li, Zhi and Chen, Shuqi and others},
  journal={2D Materials},
  volume={6},
  number={3},
  pages={035011},
  year={2019},
  publisher={IOP Publishing}
}

@article{yang2019homogeneous,
  title={Homogeneous platinum diselenide metal/semiconductor coplanar structure fabricated by selective thickness control},
  author={Yang, Yajie and Jang, Sung Kyu and Choi, Haeju and Xu, Jiao and Lee, Sungjoo},
  journal={Nanoscale},
  volume={11},
  number={44},
  pages={21068--21073},
  year={2019},
  publisher={Royal Society of Chemistry}
}

@article{urban2020isotropic,
  title={Isotropic conduction and negative photoconduction in ultrathin PtSe2 films},
  author={Urban, Francesca and Gity, Farzan and Hurley, Paul K and McEvoy, Niall and Di Bartolomeo, Antonio},
  journal={Applied Physics Letters},
  volume={117},
  number={19},
  pages={193102},
  year={2020},
  publisher={AIP Publishing LLC}
}

@article{su2018phase,
  title={Phase-engineered PtSe2-layered films by a plasma-assisted selenization process toward all PtSe2-based field effect transistor to highly sensitive, flexible, and wide-spectrum photoresponse photodetectors},
  author={Su, Teng-Yu and Medina, Henry and Chen, Yu-Ze and Wang, Sheng-Wen and Lee, Shao-Shin and Shih, Yu-Chuan and Chen, Chia-Wei and Kuo, Hao-Chung and Chuang, Feng-Chuan and Chueh, Yu-Lun},
  journal={Small},
  volume={14},
  number={19},
  pages={1800032},
  year={2018},
  publisher={Wiley Online Library}
}

@article{yim2018wide,
  title={Wide spectral photoresponse of layered platinum diselenide-based photodiodes},
  author={Yim, Chanyoung and McEvoy, Niall and Riazimehr, Sarah and Schneider, Daniel S and Gity, Farzan and Monaghan, Scott and Hurley, Paul K and Lemme, Max C and Duesberg, Georg S},
  journal={Nano letters},
  volume={18},
  number={3},
  pages={1794--1800},
  year={2018},
  publisher={ACS Publications}
}

@article{long2020scalable,
  title={Scalable fabrication of long-wave infrared PtSe2-G heterostructure array photodetectors},
  author={Long, Mingsheng and Liu, Fengkui and Ding, Fei and Wang, Yang and Ye, Jiafu and Xie, Runzhang and Wang, Hao and Xu, Mengjian and Wang, Fang and Tu, Yubing and others},
  journal={Applied Physics Letters},
  volume={117},
  number={23},
  pages={231104},
  year={2020},
  publisher={AIP Publishing LLC}
}

@article{yang2021high,
  title={High-responsivity PtSe2 photodetector enhanced by photogating effect},
  author={Yang, Yajie and Li, Jinshu and Choi, Seunghyuk and Jeon, Sumin and Cho, Jeong Ho and Lee, Byoung Hun and Lee, Sungjoo},
  journal={Applied Physics Letters},
  volume={118},
  number={1},
  pages={013103},
  year={2021},
  publisher={AIP Publishing LLC}
}

@article{luo2019pdse2,
  title={PdSe2 multilayer on germanium nanocones array with light trapping effect for sensitive infrared photodetector and image sensing application},
  author={Luo, Lin-Bao and Wang, Di and Xie, Chao and Hu, Ji-Gang and Zhao, Xing-Yuan and Liang, Feng-Xia},
  journal={Advanced Functional Materials},
  volume={29},
  number={22},
  pages={1900849},
  year={2019},
  publisher={Wiley Online Library}
}

@article{wang2020high,
  title={High-speed infrared two-dimensional platinum diselenide photodetectors},
  author={Wang, Yi and Yu, Zejie and Tong, Yeyu and Sun, Beilei and Zhang, Zunyue and Xu, Jian-Bin and Sun, Xiankai and Tsang, Hon Ki},
  journal={Applied Physics Letters},
  volume={116},
  number={21},
  pages={211101},
  year={2020},
  publisher={AIP Publishing LLC}
}

@article{wang2020bound,
  title={Bound-states-in-continuum hybrid integration of 2D platinum diselenide on silicon nitride for high-speed photodetectors},
  author={Wang, Yi and Yu, Zejie and Zhang, Zunyue and Sun, Beilei and Tong, Yeyu and Xu, Jian-Bin and Sun, Xiankai and Tsang, Hon Ki},
  journal={ACS Photonics},
  volume={7},
  number={10},
  pages={2643--2649},
  year={2020},
  publisher={ACS Publications}
}

@article{bian2020dynamics,
  title={Dynamics of charge-transfer excitons in a transition metal dichalcogenide heterostructure},
  author={Bian, Ang and He, Dawei and Hao, Shengcai and Fu, Yang and Zhang, Lu and He, Jiaqi and Wang, Yongsheng and Zhao, Hui},
  journal={Nanoscale},
  volume={12},
  number={15},
  pages={8485--8492},
  year={2020},
  publisher={Royal Society of Chemistry}
}

@article{he2014tightly,
  title={Tightly bound excitons in monolayer WSe 2},
  author={He, Keliang and Kumar, Nardeep and Zhao, Liang and Wang, Zefang and Mak, Kin Fai and Zhao, Hui and Shan, Jie},
  journal={Physical review letters},
  volume={113},
  number={2},
  pages={026803},
  year={2014},
  publisher={APS}
}

@article{gu2019layer,
  title={Layer-dependent dielectric and optical properties of centimeter-scale 2D WSe 2: evolution from a single layer to few layers},
  author={Gu, Honggang and Song, Baokun and Fang, Mingsheng and Hong, Yilun and Chen, Xiuguo and Jiang, Hao and Ren, Wencai and Liu, Shiyuan},
  journal={Nanoscale},
  volume={11},
  number={47},
  pages={22762--22771},
  year={2019},
  publisher={Royal Society of Chemistry}
}

@article{zhao2013lattice,
  title={Lattice dynamics in mono-and few-layer sheets of WS 2 and WSe 2},
  author={Zhao, Weijie and Ghorannevis, Zohreh and Amara, Kiran Kumar and Pang, Jing Ren and Toh, Minglin and Zhang, Xin and Kloc, Christian and Tan, Ping Heng and Eda, Goki},
  journal={Nanoscale},
  volume={5},
  number={20},
  pages={9677--9683},
  year={2013},
  publisher={Royal Society of Chemistry}
}

@article{ceballos2017separating,
  title={Separating electrons and holes by monolayer increments in van der Waals heterostructures},
  author={Ceballos, Frank and Zereshki, Peymon and Zhao, Hui},
  journal={Physical Review Materials},
  volume={1},
  number={4},
  pages={044001},
  year={2017},
  publisher={APS}
}

@article{ceballos2015probing,
  title={Probing charge transfer excitons in a MoSe 2--WS 2 van der Waals heterostructure},
  author={Ceballos, Frank and Bellus, Matthew Z and Chiu, Hsin-Ying and Zhao, Hui},
  journal={Nanoscale},
  volume={7},
  number={41},
  pages={17523--17528},
  year={2015},
  publisher={Royal Society of Chemistry}
}

@article{li2014measurement,
  title={Measurement of the optical dielectric function of monolayer transition-metal dichalcogenides: MoS 2, Mo S e 2, WS 2, and WS e 2},
  author={Li, Yilei and Chernikov, Alexey and Zhang, Xian and Rigosi, Albert and Hill, Heather M and Van Der Zande, Arend M and Chenet, Daniel A and Shih, En-Min and Hone, James and Heinz, Tony F},
  journal={Physical Review B},
  volume={90},
  number={20},
  pages={205422},
  year={2014},
  publisher={APS}
}

@article{cui2014transient,
  title={Transient absorption microscopy of monolayer and bulk WSe2},
  author={Cui, Qiannan and Ceballos, Frank and Kumar, Nardeep and Zhao, Hui},
  journal={ACS nano},
  volume={8},
  number={3},
  pages={2970--2976},
  year={2014},
  publisher={ACS Publications}
}

@article{nie2014ultrafast,
  title={Ultrafast carrier thermalization and cooling dynamics in few-layer MoS2},
  author={Nie, Zhaogang and Long, Run and Sun, Linfeng and Huang, Chung-Che and Zhang, Jun and Xiong, Qihua and Hewak, Daniel W and Shen, Zexiang and Prezhdo, Oleg V and Loh, Zhi-Heng},
  journal={ACS nano},
  volume={8},
  number={10},
  pages={10931--10940},
  year={2014},
  publisher={ACS Publications}
}

@article{ceballos2016exciton,
  title={Exciton formation in monolayer transition metal dichalcogenides},
  author={Ceballos, Frank and Cui, Qiannan and Bellus, Matthew Z and Zhao, Hui},
  journal={Nanoscale},
  volume={8},
  number={22},
  pages={11681--11688},
  year={2016},
  publisher={Royal Society of Chemistry}
}

@article{steinleitner2017direct,
  title={Direct observation of ultrafast exciton formation in a monolayer of WSe2},
  author={Steinleitner, Philipp and Merkl, Philipp and Nagler, Philipp and Mornhinweg, Joshua and Schuller, Christian and Korn, Tobias and Chernikov, Alexey and Huber, Rupert},
  journal={Nano Letters},
  volume={17},
  number={3},
  pages={1455--1460},
  year={2017},
  publisher={ACS Publications}
}

@article{yan2014photoluminescence,
  title={Photoluminescence properties and exciton dynamics in monolayer WSe2},
  author={Yan, Tengfei and Qiao, Xiaofen and Liu, Xiaona and Tan, Pingheng and Zhang, Xinhui},
  journal={Applied Physics Letters},
  volume={105},
  number={10},
  pages={101901},
  year={2014},
  publisher={AIP Publishing LLC}
}

@article{peng2016ultrafast,
  title={Ultrafast charge transfer in MoS2/WSe2 p--n Heterojunction},
  author={Peng, Bo and Yu, Guannan and Liu, Xinfeng and Liu, Bo and Liang, Xiao and Bi, Lei and Deng, Longjiang and Sum, Tze Chien and Loh, Kian Ping},
  journal={2D Materials},
  volume={3},
  number={2},
  pages={025020},
  year={2016},
  publisher={IOP Publishing}
}

@article{wang2016interlayer,
  title={Interlayer coupling in twisted WSe2/WS2 bilayer heterostructures revealed by optical spectroscopy},
  author={Wang, Kai and Huang, Bing and Tian, Mengkun and Ceballos, Frank and Lin, Ming-Wei and Mahjouri-Samani, Masoud and Boulesbaa, Abdelaziz and Puretzky, Alexander A and Rouleau, Christopher M and Yoon, Mina and others},
  journal={ACS nano},
  volume={10},
  number={7},
  pages={6612--6622},
  year={2016},
  publisher={ACS Publications}
}

@article{chen2019direct,
  title={Direct observation of interlayer coherent acoustic phonon dynamics in bilayer and few-layer PtSe 2},
  author={Chen, Xin and Zhang, Saifeng and Wang, Lei and Huang, Yi-Fan and Liu, Huiyan and Huang, Jiawei and Dong, Ningning and Liu, Weimin and Kislyakov, Ivan M and Nunzi, Jean Michel and others},
  journal={Photonics Research},
  volume={7},
  number={12},
  pages={1416--1424},
  year={2019},
  publisher={Optical Society of America}
}

@article{koda2018trends,
  title={Trends on band alignments: Validity of Anderson's rule in SnS 2-and SnSe 2-based van der Waals heterostructures},
  author={Koda, Daniel S and Bechstedt, Friedhelm and Marques, Marcelo and Teles, Lara K},
  journal={Physical Review B},
  volume={97},
  number={16},
  pages={165402},
  year={2018},
  publisher={APS}
}

@article{kiemle2020control,
  title={Control of the orbital character of indirect excitons in MoS 2/WS 2 heterobilayers},
  author={Kiemle, Jonas and Sigger, Florian and Lorke, Michael and Miller, Bastian and Watanabe, Kenji and Taniguchi, Takashi and Holleitner, Alexander and Wurstbauer, Ursula},
  journal={Physical Review B},
  volume={101},
  number={12},
  pages={121404},
  year={2020},
  publisher={APS}
}

@article{zheng2017phonon,
  title={Phonon-assisted ultrafast charge transfer at van der Waals heterostructure interface},
  author={Zheng, Qijing and Saidi, Wissam A and Xie, Yu and Lan, Zhenggang and Prezhdo, Oleg V and Petek, Hrvoje and Zhao, Jin},
  journal={Nano letters},
  volume={17},
  number={10},
  pages={6435--6442},
  year={2017},
  publisher={ACS Publications}
}

@article{wilson2017determination,
  title={Determination of band offsets, hybridization, and exciton binding in 2D semiconductor heterostructures},
  author={Wilson, Neil R and Nguyen, Paul V and Seyler, Kyle and Rivera, Pasqual and Marsden, Alexander J and Laker, Zachary PL and Constantinescu, Gabriel C and Kandyba, Viktor and Barinov, Alexei and Hine, Nicholas DM and others},
  journal={Science advances},
  volume={3},
  number={2},
  pages={e1601832},
  year={2017},
  publisher={American Association for the Advancement of Science}
}



@article{sattar2017electronic,
  title={Electronic properties of graphene--PtSe2 contacts},
  author={Sattar, Shahid and Schwingenschlogl, Udo},
  journal={ACS Applied Materials \& Interfaces},
  volume={9},
  number={18},
  pages={15809--15813},
  year={2017},
  publisher={ACS Publications}
}

@article{li2016tuning,
  title={Tuning the electronic properties of monolayer and bilayer PtSe 2 via strain engineering},
  author={Li, Pengfei and Li, Lei and Zeng, Xiao Cheng},
  journal={Journal of Materials Chemistry C},
  volume={4},
  number={15},
  pages={3106--3112},
  year={2016},
  publisher={Royal Society of Chemistry}
}

@article{kim2021thickness,
  title={Thickness dependence of work function, ionization energy, and electron affinity of Mo and W dichalcogenides from DFT and GW calculations},
  author={Kim, Han-gyu and Choi, Hyoung Joon},
  journal={Physical Review B},
  volume={103},
  number={8},
  pages={085404},
  year={2021},
  publisher={APS}
}