@article{jariwala2017van,
  title={Van der Waals materials for atomically-thin photovoltaics: promise and outlook},
  author={Jariwala, Deep and Davoyan, Artur R and Wong, Joeson and Atwater, Harry A},
  journal={Acs Photonics},
  volume={4},
  number={12},
  pages={2962--2970},
  year={2017},
  publisher={ACS Publications}
}

@article{novoselov20162d,
  title={2D materials and van der Waals heterostructures},
  author={Novoselov, K Sꎬ and Mishchenko, Artem and Carvalho, o A and Castro Neto, AH},
  journal={Science},
  volume={353},
  number={6298},
  pages={aac9439},
  year={2016},
  publisher={American Association for the Advancement of Science}
}

@article{pan2014construction,
  title={Construction of 2D atomic crystals on transition metal surfaces: graphene, silicene, and hafnene},
  author={Pan, Yi and Zhang, Lizhi and Huang, Li and Li, Linfei and Meng, Lei and Gao, Min and Huan, Qing and Lin, Xiao and Wang, Yeliang and Du, Shixuan and others},
  journal={small},
  volume={10},
  number={11},
  pages={2215--2225},
  year={2014},
  publisher={Wiley Online Library}
}

@article{radisavljevic2011single,
  title={Single-layer MoS2 transistors},
  author={Radisavljevic, Branimir and Radenovic, Aleksandra and Brivio, Jacopo and Giacometti, Valentina and Kis, Andras},
  journal={Nature nanotechnology},
  volume={6},
  number={3},
  pages={147--150},
  year={2011},
  publisher={Nature Publishing Group UK London}
}

@article{liu2019high,
  title={High responsivity and near-infrared photodetector based on graphene/MoSe 2 heterostructure},
  author={Liu, Beiyun and You, Congya and Zhao, Chen and Shen, Gaoliang and Liu, Yawei and Li, Yufo and Yan, Hui and Zhang, Yongzhe},
  journal={Chinese Optics Letters},
  volume={17},
  number={2},
  pages={020002},
  year={2019},
  publisher={Chinese Optical Society}
}

@article{coleman2011two,
  title={Two-dimensional nanosheets produced by liquid exfoliation of layered materials},
  author={Coleman, Jonathan N and Lotya, Mustafa and O’Neill, Arlene and Bergin, Shane D and King, Paul J and Khan, Umar and Young, Karen and Gaucher, Alexandre and De, Sukanta and Smith, Ronan J and others},
  journal={Science},
  volume={331},
  number={6017},
  pages={568--571},
  year={2011},
  publisher={American Association for the Advancement of Science}
}


@article{mak2010atomically,
  title={Atomically thin MoS 2: a new direct-gap semiconductor},
  author={Mak, Kin Fai and Lee, Changgu and Hone, James and Shan, Jie and Heinz, Tony F},
  journal={Physical review letters},
  volume={105},
  number={13},
  pages={136805},
  year={2010},
  publisher={APS}
}


@article{manzeli20172d,
  title={2D transition metal dichalcogenides},
  author={Manzeli, Sajedeh and Ovchinnikov, Dmitry and Pasquier, Diego and Yazyev, Oleg V and Kis, Andras},
  journal={Nature Reviews Materials},
  volume={2},
  number={8},
  pages={1--15},
  year={2017},
  publisher={Nature Publishing Group}
}


@article{ong2014anisotropic,
  title={Anisotropic charged impurity-limited carrier mobility in monolayer phosphorene},
  author={Ong, Zhun-Yong and Zhang, Gang and Zhang, Yong Wei},
  journal={Journal of Applied Physics},
  volume={116},
  number={21},
  pages={214505},
  year={2014},
  publisher={AIP Publishing LLC}
}

@article{tran2014layer,
  title={Layer-controlled band gap and anisotropic excitons in few-layer black phosphorus},
  author={Tran, Vy and Soklaski, Ryan and Liang, Yufeng and Yang, Li},
  journal={Physical Review B},
  volume={89},
  number={23},
  pages={235319},
  year={2014},
  publisher={APS}
}

@article{wu2017controlled,
  title={Controlled synthesis of high-mobility atomically thin bismuth oxyselenide crystals},
  author={Wu, Jinxiong and Tan, Congwei and Tan, Zhenjun and Liu, Yujing and Yin, Jianbo and Dang, Wenhui and Wang, Mingzhan and Peng, Hailin},
  journal={Nano letters},
  volume={17},
  number={5},
  pages={3021--3026},
  year={2017},
  publisher={ACS Publications}
}


@article{wu2017high,
  title={High electron mobility and quantum oscillations in non-encapsulated ultrathin semiconducting Bi2O2Se},
  author={Wu, Jinxiong and Yuan, Hongtao and Meng, Mengmeng and Chen, Cheng and Sun, Yan and Chen, Zhuoyu and Dang, Wenhui and Tan, Congwei and Liu, Yujing and Yin, Jianbo and others},
  journal={Nature Nanotechnology},
  volume={12},
  number={6},
  pages={530--534},
  year={2017},
  publisher={Nature Publishing Group UK London}
}


@article{sun2015electronic,
  title={Electronic, transport, and optical properties of bulk and mono-layer PdSe2},
  author={Sun, Jifeng and Shi, Hongliang and Siegrist, Theo and Singh, David J},
  journal={Applied Physics Letters},
  volume={107},
  number={15},
  pages={153902},
  year={2015},
  publisher={AIP Publishing LLC}
}

@article{gu2020two,
  title={Two-dimensional palladium diselenide with strong in-plane optical anisotropy and high mobility grown by chemical vapor deposition},
  author={Gu, Yiyi and Cai, Hui and Dong, Jichen and Yu, Yiling and Hoffman, Anna N and Liu, Chenze and Oyedele, Akinola D and Lin, Yu-Chuan and Ge, Zhuozhi and Puretzky, Alexander A and others},
  journal={Advanced Materials},
  volume={32},
  number={19},
  pages={1906238},
  year={2020},
  publisher={Wiley Online Library}
}

@article{oyedele2017pdse2,
  title={PdSe2: pentagonal two-dimensional layers with high air stability for electronics},
  author={Oyedele, Akinola D and Yang, Shize and Liang, Liangbo and Puretzky, Alexander A and Wang, Kai and Zhang, Jingjie and Yu, Peng and Pudasaini, Pushpa R and Ghosh, Avik W and Liu, Zheng and others},
  journal={Journal of the American Chemical Society},
  volume={139},
  number={40},
  pages={14090--14097},
  year={2017},
  publisher={ACS Publications}
}

@article{hoffman2019exploring,
  title={Exploring the air stability of PdSe2 via electrical transport measurements and defect calculations},
  author={Hoffman, Anna N and Gu, Yiyi and Liang, Liangbo and Fowlkes, Jason D and Xiao, Kai and Rack, Philip D},
  journal={npj 2D Materials and Applications},
  volume={3},
  number={1},
  pages={50},
  year={2019},
  publisher={Nature Publishing Group UK London}
}

@article{qin2018monolayer,
  title={Monolayer PdSe2: A promising two-dimensional thermoelectric material},
  author={Qin, Dan and Yan, Peng and Ding, Guangqian and Ge, Xujin and Song, Hongyue and Gao, Guoying},
  journal={Scientific reports},
  volume={8},
  number={1},
  pages={2764},
  year={2018},
  publisher={Nature Publishing Group UK London}
}


@article{chow2017high,
  title={High mobility 2D palladium diselenide field-effect transistors with tunable ambipolar characteristics},
  author={Chow, Wai Leong and Yu, Peng and Liu, Fucai and Hong, Jinhua and Wang, Xingli and Zeng, Qingsheng and Hsu, Chuang-Han and Zhu, Chao and Zhou, Jiadong and Wang, Xiaowei and others},
  journal={Advanced Materials},
  volume={29},
  number={21},
  pages={1602969},
  year={2017},
  publisher={Wiley Online Library}
}

@article{Di2020Electron,
  title={Electron irradiation of multilayer PdSe2 field effect transistors},
  author={Di Bartolomeo, A.Urban, F.Pelella, A.Grillo, A.Passacantando, M.Liu, X.Giubileo, F.},
  journal={Nanotechnology},
  volume={31},
  number={37},
  year={2020},
}

@article{long2019palladium,
  title={Palladium diselenide long-wavelength infrared photodetector with high sensitivity and stability},
  author={Long, Mingsheng and Wang, Yang and Wang, Peng and Zhou, Xiaohao and Xia, Hui and Luo, Chen and Huang, Shenyang and Zhang, Guowei and Yan, Hugen and Fan, Zhiyong and others},
  journal={ACS nano},
  volume={13},
  number={2},
  pages={2511--2519},
  year={2019},
  publisher={ACS Publications}
}

@article{lu2020layer,
  title={Layer-dependent and in-plane anisotropic properties of low-temperature synthesized few-layer PdSe2 single crystals},
  author={Lu, Li-Syuan and Chen, Guan-Hao and Cheng, Hui-Yu and Chuu, Chih-Piao and Lu, Kuan-Cheng and Chen, Chia-Hao and Lu, Ming-Yen and Chuang, Tzu-Hung and Wei, Der-Hsin and Chueh, Wei-Chen and others},
  journal={ACS nano},
  volume={14},
  number={4},
  pages={4963--4972},
  year={2020},
  publisher={ACS Publications}
}

@article{2020High,
  title={High-performance polarization-sensitive photodetector based on a few-layered PdSe 2 nanosheet},
  author={ Zhong, Jiahong  and  Yu, Juan  and  Cao, Lingkai  and  Zeng, Cheng  and  Liu, Yanping },
  journal={Nano Research},
  volume={13},
  number={6},
  pages={7},
  year={2020},
}

@article{2019High,
  title={High-Performance, Room Temperature, Ultra-Broadband Photodetectors Based on Air-Stable PdSe2.},
  author={ Liang, Q.  and  Wang, Q.  and  Zhang, Q.  and  Wei, J.  and  Lim, Sx.  and  Zhu, R.  and  Hu, J.  and  Wei, W.  and  Lee, C.  and  Sow, C. },
  journal={Advanced materials (Deerfield Beach, Fla.)},
  volume={31},
  number={24},
  pages={e1807609},
  year={2019},
}


@article{kang2021van,
  title={Van der Waals PdSe2/WS2 Heterostructures for Robust High-Performance Broadband Photodetection from Visible to Infrared Optical Communication Band},
  author={Kang, Xiaolin and Lan, Changyong and Li, Fangzhou and Wang, Wei and Yip, SenPo and Meng, You and Wang, Fei and Lai, Zhengxun and Liu, Chuntai and Ho, Johnny C},
  journal={Advanced Optical Materials},
  volume={9},
  number={7},
  pages={2001991},
  year={2021},
  publisher={Wiley Online Library}
}

@article{gronvold1957crystal,
  title={The crystal structure of PdSe2 and PdS2},
  author={Gr{\o}nvold, F and R{\o}st, E},
  journal={Acta Crystallographica},
  volume={10},
  number={4},
  pages={329--331},
  year={1957},
  publisher={International Union of Crystallography}
}

@article{chhowalla2013chemistry,
  title={The chemistry of two-dimensional layered transition metal dichalcogenide nanosheets},
  author={Chhowalla, Manish and Shin, Hyeon Suk and Eda, Goki and Li, Lain-Jong and Loh, Kian Ping and Zhang, Hua},
  journal={Nature chemistry},
  volume={5},
  number={4},
  pages={263--275},
  year={2013},
  publisher={Nature Publishing Group UK London}
}

@book{kolobov2016two,
  title={Two-dimensional transition-metal dichalcogenides},
  author={Kolobov, Alexander V and Tominaga, Junji},
  volume={239},
  year={2016},
  publisher={Springer}
}

@article{soulard2004experimental,
  title={Experimental and theoretical investigation on the relative stability of the PdS2-and pyrite-type structures of PdSe2},
  author={Soulard, C and Rocquefelte, X and Petit, P-E and Evain, M and Jobic, S and Iti{\'e}, J-P and Munsch, P and Koo, H-J and Whangbo, M-H},
  journal={Inorganic chemistry},
  volume={43},
  number={6},
  pages={1943--1949},
  year={2004},
  publisher={ACS Publications}
}

@article{jakhar2020pressure,
  title={Pressure and electric field tuning of Schottky contacts in PdSe2/ZT-MoSe2 van der Waals heterostructure},
  author={Jakhar, Mukesh and Singh, Jaspreet and Kumar, Ashok and Tankeshwar, K},
  journal={Nanotechnology},
  volume={31},
  number={14},
  pages={145710},
  year={2020},
  publisher={IOP Publishing}
}


@article{huo2021thickness,
  title={Thickness-dependent ultrafast charge-carrier dynamics and coherent acoustic phonon oscillations in mechanically exfoliated PdSe 2 flakes},
  author={Huo, Chang-Fu and Wen, Rui and Yan, Xiao-Qing and Li, De-Kang and Huang, Kai-Xuan and Zhu, Yizhi and Cui, Qiannan and Xu, Chunxiang and Liu, Zhi-Bo and Tian, Jian-Guo},
  journal={Physical Chemistry Chemical Physics},
  volume={23},
  number={36},
  pages={20666--20674},
  year={2021},
  publisher={Royal Society of Chemistry}
}

@article{ye2021layer,
  title={Layer-tunable nonlinear optical characteristics and photocarrier dynamics of 2D PdSe2 in broadband spectra},
  author={Ye, Chenyu and Yang, Zhenqi and Dong, Junhao and Huang, Yongfeng and Song, Miaomiao and Sa, Baisheng and Zheng, Jingying and Zhan, Hongbing},
  journal={Small},
  volume={17},
  number={50},
  pages={2103938},
  year={2021},
  publisher={Wiley Online Library}
}

@article{he2015spatiotemporal,
  title={Spatiotemporal dynamics of excitons in monolayer and bulk WS2},
  author={He, Jiaqi and He, Dawei and Wang, Yongsheng and Cui, Qiannan and Ceballos, Frank and Zhao, Hui},
  journal={Nanoscale},
  volume={7},
  number={21},
  pages={9526--9531},
  year={2015},
  publisher={The Royal Society of Chemistry}
}

@article{pan2018understanding,
  title={Understanding spatiotemporal photocarrier dynamics in monolayer and bulk MoTe2 for optimized optoelectronic devices},
  author={Pan, Shudi and Kong, Weijin and Liu, Jianhua and Ge, Xiaohui and Zereshki, Peymon and Hao, Shengcai and He, Dawei and Wang, Yongsheng and Zhao, Hui},
  journal={ACS Applied Nano Materials},
  volume={2},
  number={1},
  pages={459--464},
  year={2018},
  publisher={ACS Publications}
}

@article{kumar2013charge,
  title={Charge carrier dynamics in bulk MoS2 crystal studied by transient absorption microscopy},
  author={Kumar, Nardeep and He, Jiaqi and He, Dawei and Wang, Yongsheng and Zhao, Hui},
  journal={Journal of Applied Physics},
  volume={113},
  number={13},
  pages={133702},
  year={2013},
  publisher={American Institute of Physics}
}

@article{ceballos2016exciton,
  title={Exciton formation in monolayer transition metal dichalcogenides},
  author={Ceballos, Frank and Cui, Qiannan and Bellus, Matthew Z and Zhao, Hui},
  journal={Nanoscale},
  volume={8},
  number={22},
  pages={11681--11688},
  year={2016},
  publisher={Royal Society of Chemistry}
}

@article{2017Direct,
  title={Direct Observation of Ultrafast Exciton Formation in a Monolayer of WSe2},
  author={ Steinleitner, Philipp  and  Merkl, Philipp  and  Nagler, Philipp  and  Mornhinweg, Joshua  and Christian Schüller and  Korn, Tobias  and  Chernikov, Alexey  and  Huber, Rupert },
  journal={Nano Lett.},
  year={2017},
}

@article{2018Probing,
  title={Probing excitons in transition metal dichalcogenides by Drude-like exciton intraband absorption},
  author={ Zhao, Siqi  and  He, Dawei  and  He, Jiaqi  and  Zhang, Xinwu  and  Yi, Lixin  and  Wang, Yongsheng  and  Zhao, Hui },
  journal={Nanoscale},
  pages={10.1039.C8NR03135E},
  year={2018},
}

@article{Ceballos2017Ultrafast,
  title={Ultrafast Laser Spectroscopy of Two-Dimensional Materials Beyond Graphene.},
  author={Ceballos and Frank and Zhao and Hui.},
  journal={Advanced Functional Materials},
  year={2017},
}


@article{he2015spatiotemporal,
  title={Spatiotemporal dynamics of excitons in monolayer and bulk WS2},
  author={He, Jiaqi and He, Dawei and Wang, Yongsheng and Cui, Qiannan and Ceballos, Frank and Zhao, Hui},
  journal={Nanoscale},
  volume={7},
  number={21},
  pages={9526--9531},
  year={2015},
  publisher={The Royal Society of Chemistry}
}


@article{kumar2013charge,
  title={Charge carrier dynamics in bulk MoS2 crystal studied by transient absorption microscopy},
  author={Kumar, Nardeep and He, Jiaqi and He, Dawei and Wang, Yongsheng and Zhao, Hui},
  journal={Journal of Applied Physics},
  volume={113},
  number={13},
  pages={133702},
  year={2013},
  publisher={American Institute of Physics}
}

@article{wei2022layer,
  title={Layer-dependent optical and dielectric properties of centimeter-scale PdSe2 films grown by chemical vapor deposition},
  author={Wei, MingYang and Lian, Jie and Zhang, Yu and Wang, ChenLin and Wang, Yueming and Xu, Zhen},
  journal={npj 2D Materials and Applications},
  volume={6},
  number={1},
  pages={1},
  year={2022},
  publisher={Nature Publishing Group UK London}
}